@article{Yi_2019,
   title={Generative adversarial network in medical imaging: A review},
   volume={58},
   ISSN={1361-8415},
   url={http://dx.doi.org/10.1016/j.media.2019.101552},
   DOI={10.1016/j.media.2019.101552},
   journal={Medical Image Analysis},
   publisher={Elsevier BV},
   author={Yi, Xin and Walia, Ekta and Babyn, Paul},
   year={2019},
   month={Dec},
   pages={101552}
}

@article{Litjens_2017,
   title={A survey on deep learning in medical image analysis},
   volume={42},
   ISSN={1361-8415},
   url={http://dx.doi.org/10.1016/j.media.2017.07.005},
   DOI={10.1016/j.media.2017.07.005},
   journal={Medical Image Analysis},
   publisher={Elsevier BV},
   author={Litjens, Geert and Kooi, Thijs and Bejnordi, Babak Ehteshami and Setio, Arnaud Arindra Adiyoso and Ciompi, Francesco and Ghafoorian, Mohsen and van der Laak, Jeroen A.W.M. and van Ginneken, Bram and Sánchez, Clara I.},
   year={2017},
   month={Dec},
   pages={60–88}
}

@article{dl,
   title={Imagenet classification with deep convolutional neural networks},
   url={https://papers.nips.cc/paper/4824-imagenet-classification-with-deep-convolutional-neural-networks.pdf},
   DOI={10.1145/3065386},
   journal={Advances in Neural Information Processing Systems},
   author={A. Krizhevsky and I. Sutskever and G.E. Hinton},
   year={2012},
   pages={1097–1105}
}

@misc{gan,
    title={Generative Adversarial Networks},
    author={Ian J. Goodfellow and Jean Pouget-Abadie and Mehdi Mirza and Bing Xu and David Warde-Farley and Sherjil Ozair and Aaron Courville and Yoshua Bengio},
    year={2014},
    url={https://arxiv.org/abs/1406.2661},
    eprint={1406.2661},
    archivePrefix={arXiv},
    primaryClass={stat.ML}
}

@misc{tfd,
    title={The Toronto face dataset. Technical Report UTML TR 2010-001},
    author={J. M. Susskind and A. K. Anderson and G.E. Hinton},
    year={2010},
    institution={Department of Computer Science, University of Toronto, Toronto, ON, Canada}
}

@misc{cifar,
    title={Learning multiple layers of features from tiny images. Technical report},
    author={A. Krizhevsky and G.E. Hinton},
    year={2009},
    institution={University of Toronto},
    url={https://www.cs.toronto.edu/~kriz/learning-features-2009-TR.pdf}
}

@misc{cgan,
    title={Conditional Generative Adversarial Nets},
    author={Mehdi Mirza and Simon Osindero},
    year={2014},
    eprint={1411.1784},
    archivePrefix={arXiv},
    primaryClass={cs.LG},
    url={http://arxiv.org/abs/1411.1784}
}

@misc{dcgan,
    title={Unsupervised Representation Learning with Deep Convolutional Generative Adversarial Networks},
    author={Alec Radford and Luke Metz and Soumith Chintala},
    year={2015},
    eprint={1511.06434},
    archivePrefix={arXiv},
    primaryClass={cs.LG},
    url={http://arxiv.org/abs/1511.06434}
}

@misc{pix2pix,
    title={Image-to-Image Translation with Conditional Adversarial Networks},
    author={Phillip Isola and Jun-Yan Zhu and Tinghui Zhou and Alexei A. Efros},
    year={2016},
    eprint={1611.07004},
    archivePrefix={arXiv},
    primaryClass={cs.CV},
    url={http://arxiv.org/abs/1611.07004}
}

@inproceedings{lapgan,
author = {Calimeri, Francesco and Marzullo, Aldo and Stamile, Claudio and Terracina, Giorgio},
year = {2017},
month = {10},
pages = {626-634},
title = {Biomedical Data Augmentation Using Generative Adversarial Neural Networks},
booktitle={Artificial Neural Networks and Machine Learning -- ICANN 2017},
isbn = {978-3-319-68611-0},
doi = {10.1007/978-3-319-68612-7_71}
}

@misc{flair&t1,
    title={Simultaneous synthesis of FLAIR and segmentation of white matter hypointensities from T1 MRIs},
    author={Mauricio Orbes-Arteaga and M. Jorge Cardoso and Lauge Sørensen and Marc Modat and Sébastien Ourselin and Mads Nielsen and Akshay Pai},
    year={2018},
    eprint={1808.06519},
    archivePrefix={arXiv},
    primaryClass={cs.CV},
    url={https://arxiv.org/abs/1808.06519}
}

@misc{double_scenario,
    title={Image Synthesis in Multi-Contrast MRI with Conditional Generative Adversarial Networks},
    author={Salman Ul Hassan Dar and Mahmut Yurt and Levent Karacan and Aykut Erdem and Erkut Erdem and Tolga Çukur},
    year={2018},
    eprint={1802.01221},
    archivePrefix={arXiv},
    primaryClass={cs.CV},
    url={https://arxiv.org/abs/1802.01221}
}

@misc{cycle_gan,
    title={Unpaired Image-to-Image Translation using Cycle-Consistent Adversarial Networks},
    author={Jun-Yan Zhu and Taesung Park and Phillip Isola and Alexei A. Efros},
    year={2017},
    eprint={1703.10593},
    archivePrefix={arXiv},
    primaryClass={cs.CV},
    url={https://arxiv.org/abs/1703.10593}
}

@misc{migan,
    title={Missing MRI Pulse Sequence Synthesis using Multi-Modal Generative Adversarial Network},
    author={Anmol Sharma and Ghassan Hamarneh},
    year={2019},
    eprint={1904.12200},
    archivePrefix={arXiv},
    primaryClass={eess.IV},
    url={https://arxiv.org/abs/1904.12200}
}

@misc{ct&pet,
    title={Cross-Modality Synthesis from CT to PET using FCN and GAN Networks for Improved Automated Lesion Detection},
    author={Avi Ben-Cohen and Eyal Klang and Stephen P. Raskin and Shelly Soffer and Simona Ben-Haim and Eli Konen and Michal Marianne Amitai and Hayit Greenspan},
    year={2018},
    eprint={1802.07846},
    archivePrefix={arXiv},
    primaryClass={cs.CV},
    url={https://arxiv.org/abs/1802.07846}
}

@article{lecun,
   title={Gradient-Based Learning Applied to Document Recognition},
   url={http://yann.lecun.com/exdb/publis/pdf/lecun-01a.pdf},
   DOI={10.1109/5.726791},
   journal={Proceedings of the IEEE 86(11)},
   author={Yann Lecun and Leon Bottou and Y. Bengio and Patrick Haffner},
   year={1998},
   pages={2278–2324}
}

@misc{unet,
    title={U-Net: Convolutional Networks for Biomedical Image Segmentation},
    author={Olaf Ronneberger and Philipp Fischer and Thomas Brox},
    year={2015},
    eprint={1505.04597},
    archivePrefix={arXiv},
    primaryClass={cs.CV},
    url={https://arxiv.org/abs/1505.04597}
}

@book{hands_on_ml,
  title={Hands-On Machine Learning with Scikit-Learn and TensorFlow: Concepts, Tools, and Techniques to Build Intelligent Systems},
  author={G{\'e}ron, A.},
  isbn={9781491962244},
  url={https://books.google.com.mx/books?id=bRpYDgAAQBAJ},
  year={2017},
  publisher={O'Reilly Media}
}

@book{optimization,
  title={Encyclopedia of Optimization},
  author={Floudas, C.A. and Pardalos, P.M.},
  number={v. 1},
  isbn={9780792369325},
  lccn={2007275240},
  series={Encyclopedia of Optimization},
  url={https://books.google.com.mx/books?id=gtoTkL7heS0C},
  year={2001},
  publisher={Kluwer Academic}
}

@misc{batchnormalization,
    title={Batch Normalization: Accelerating Deep Network Training by Reducing Internal Covariate Shift},
    author={Sergey Ioffe and Christian Szegedy},
    year={2015},
    eprint={1502.03167},
    archivePrefix={arXiv},
    primaryClass={cs.LG},
    url={https://arxiv.org/abs/1502.03167}
}

@inproceedings{relu,
  title={Rectified Linear Units Improve Restricted Boltzmann Machines},
  author={Vinod Nair and Geoffrey E. Hinton},
  booktitle={ICML},
  year={2010},
  url={https://www.cs.toronto.edu/~fritz/absps/reluICML.pdf}
}

@misc{patchgan,
    title={Precomputed Real-Time Texture Synthesis with Markovian Generative Adversarial Networks},
    author={Chuan Li and Michael Wand},
    year={2016},
    eprint={1604.04382},
    archivePrefix={arXiv},
    primaryClass={cs.CV},
    url={https://arxiv.org/abs/1604.04382}
}

@misc{mra&mri,
    title={Generative Adversarial Training for MRA Image Synthesis Using Multi-Contrast MRI},
    author={Sahin Olut and Yusuf Huseyin Sahin and Ugur Demir and Gozde Unal},
    year={2018},
    eprint={1804.04366},
    archivePrefix={arXiv},
    primaryClass={cs.CV},
    url={https://arxiv.org/abs/1804.04366}
}


@article{brats2015_1,
  TITLE = {{The Multimodal Brain Tumor Image Segmentation Benchmark (BRATS)}},
  AUTHOR = {Menze, Bjoern and Jakab, Andras and Bauer, Stefan and Kalpathy-Cramer, Jayashree and Farahani, Keyvan and Kirby, Justin and Burren, Yuliya and Porz, Nicole and Slotboom, Johannes and Wiest, Roland and Lanczi, Levente and Gerstner, Elisabeth and Weber, Marc-Andre and Arbel, Tal and Avants, Brian and Ayache, Nicholas and Buendia, Patricia and Collins, Louis and Cordier, Nicolas and Corso, Jason and Criminisi, Antonio and Das, Tilak and Delingette, Herv{\'e} and Demiralp, Cagatay and Durst, Christopher and Dojat, Michel and Doyle, Senan and Festa, Joana and Forbes, Florence and Geremia, Ezequiel and Glocker, Ben and Golland, Polina and Guo, Xiaotao and Hamamci, Andac and Iftekharuddin, Khan and Jena, Raj and John, Nigel and Konukoglu, Ender and Lashkari, Danial and Antonio Mariz, Jose and Meier, Raphael and Pereira, Sergio and Precup, Doina and Price, S. J. and Riklin-Raviv, Tammy and Reza, Syed and Ryan, Michael and Schwartz, Lawrence and Shin, Hoo-Chang and Shotton, Jamie and Silva, Carlos and Sousa, Nuno and Subbanna, Nagesh and Szekely, Gabor and Taylor, Thomas and Thomas, Owen and Tustison, Nicholas and Unal, Gozde and Vasseur, Flor and Wintermark, Max and Hye Ye, Dong and Zhao, Liang and Zhao, Binsheng and Zikic, Darko and Prastawa, Marcel and Reyes, Mauricio and Van Leemput, Koen},
  URL = {https://hal.inria.fr/hal-00935640},
  JOURNAL = {{IEEE Transactions on Medical Imaging}},
  PUBLISHER = {{Institute of Electrical and Electronics Engineers (IEEE)}},
  PAGES = {33},
  YEAR = {2014},
  DOI = {10.1109/TMI.2014.2377694},
  HAL_ID = {hal-00935640},
  HAL_VERSION = {v2},
}


@Article{brats2015_2,
author="Kistler, Michael
and Bonaretti, Serena
and Pfahrer, Marcel
and Niklaus, Roman
and B{\"u}chler, Philippe",
title="The Virtual Skeleton Database: An Open Access Repository for Biomedical Research and Collaboration",
journal="J Med Internet Res",
year="2013",
month="Nov",
day="12",
volume="15",
number="11",
pages="e245",
keywords="medical informatics; Internet; image processing; computer-assisted; demographic analysis; statistical models",
abstract="Background: Statistical shape models are widely used in biomedical research. They are routinely implemented for automatic image segmentation or object identification in medical images. In these fields, however, the acquisition of the large training datasets, required to develop these models, is usually a time-consuming process. Even after this effort, the collections of datasets are often lost or mishandled resulting in replication of work. Objective: To solve these problems, the Virtual Skeleton Database (VSD) is proposed as a centralized storage system where the data necessary to build statistical shape models can be stored and shared. Methods: The VSD provides an online repository system tailored to the needs of the medical research community. The processing of the most common image file types, a statistical shape model framework, and an ontology-based search provide the generic tools to store, exchange, and retrieve digital medical datasets. The hosted data are accessible to the community, and collaborative research catalyzes their productivity. Results: To illustrate the need for an online repository for medical research, three exemplary projects of the VSD are presented: (1) an international collaboration to achieve improvement in cochlear surgery and implant optimization, (2) a population-based analysis of femoral fracture risk between genders, and (3) an online application developed for the evaluation and comparison of the segmentation of brain tumors. Conclusions: The VSD is a novel system for scientific collaboration for the medical image community with a data-centric concept and semantically driven search option for anatomical structures. The repository has been proven to be a useful tool for collaborative model building, as a resource for biomechanical population studies, or to enhance segmentation algorithms. ",
doi="10.2196/jmir.2930",
url="http://www.jmir.org/2013/11/e245/"
}

@misc{mri_benefits,
    title={Magnetic Resonance Imaging (MRI)},
    howpublished={Winship Cancer Institute of Emory University},
    url={https://www.cancerquest.org/patients/detection-and-diagnosis/magnetic-resonance-imaging-mri}
}

@misc{grade_cancer,
    title={What Makes a Brain Tumor High-Grade or Low-Grade?},
    author={David Reardon},
    howpublished={Dana-Farber Cancer Institute},
    url={https://blog.dana-farber.org/insight/2018/04/makes-brain-tumor-high-grade-low-grade/}
}

@misc{grade_cancer2,
    title={Tumor Grade},
    howpublished={NIH National cancer Institute},
    url={https://www.cancer.gov/about-cancer/diagnosis-staging/prognosis/tumor-grade-fact-sheet}
}

@article{Xue_2018,
   title={SegAN: Adversarial Network with Multi-scale L1 Loss for Medical Image Segmentation},
   volume={16},
   ISSN={1559-0089},
   url={http://dx.doi.org/10.1007/s12021-018-9377-x},
   DOI={10.1007/s12021-018-9377-x},
   number={3-4},
   journal={Neuroinformatics},
   publisher={Springer Science and Business Media LLC},
   author={Xue, Yuan and Xu, Tao and Zhang, Han and Long, L. Rodney and Huang, Xiaolei},
   year={2018},
   month={May},
   pages={383–392}
}

@misc{tfrecord,
    title={TFRecord and tf.Example},
    url={https://www.tensorflow.org/tutorials/load_data/tfrecord}
}

@misc{pix2pix_implementation,
    title={Pix2Pix},
    url={https://www.tensorflow.org/tutorials/generative/pix2pix}
}

@misc{kingma2014adam,
    title={Adam: A Method for Stochastic Optimization},
    author={Diederik P. Kingma and Jimmy Ba},
    year={2014},
    eprint={1412.6980},
    archivePrefix={arXiv},
    primaryClass={cs.LG},
    url={https://arxiv.org/abs/1412.6980}
}

@misc{mean_norm,
    author={Andrew Ng},
    title={Gradient Descent in Practice {I} - Feature Scaling},
    howpublished={Coursera},
    url={https://www.coursera.org/learn/machine-learning/lecture/xx3Da/gradient-descent-in-practice-i-feature-scaling}
}

@article{ssim,
author = {Wang, Zhou and Bovik, Alan and Sheikh, Hamid and Simoncelli, Eero},
year = {2004},
month = {05},
pages = {600 - 612},
title = {Image Quality Assessment: From Error Visibility to Structural Similarity},
volume = {13},
journal = {Image Processing, IEEE Transactions on},
doi = {10.1109/TIP.2003.819861},
url = {https://ieeexplore.ieee.org/document/1284395}
}

@misc{psnr,
    title={PSNR},
    howpublished={Mathworks},
    url={https://it.mathworks.com/help/vision/ref/psnr.html}
}

@misc{giacomello2019brain,
    title={Brain MRI Tumor Segmentation with Adversarial Networks},
    author={Edoardo Giacomello and Daniele Loiacono and Luca Mainardi},
    year={2019},
    eprint={1910.02717},
    archivePrefix={arXiv},
    url = {https://arxiv.org/abs/1910.02717},
    primaryClass={eess.IV}
}

@misc{GAN_image,
    title={An intuitive introduction to Generative Adversarial Networks (GANs)},
    author={Thalles Silva},
    year = {2018},
    month = {01},
    day = {07},
    url={https://www.freecodecamp.org/news/an-intuitive-introduction-to-generative-adversarial-networks-gans-7a2264a81394/}
}

@article{epidemiological_review,
    year={2019},
    month={07},
    title={Brain cancer in the world: an epidemiological review},
    author={KH Kalan Farmanfarma and M Mohammadian and Z Shahabinia and S Hassanipour and H Salehiniya},
    url={https://www.wcrj.net/wp-content/uploads/sites/5/2019/07/e1356-Brain-cancer-in-the-world-an-epidemiological-review.pdf},
    DOI={10.32113/wcrj_20197_1356},
    number={6: e1356},
    journal={WCRJ 2019},
    }